<record><leader>00000cas a2200000 a 4500</leader><controlfield tag="001">11959858</controlfield><controlfield tag="008">850425d19831984ksuwr ne      0    0eng d</controlfield><datafield ind1=" " ind2=" " tag="010"><subfield code="a">sn 85029968 </subfield></datafield><datafield ind1=" " ind2=" " tag="040"><subfield code="a">KSH</subfield><subfield code="b">eng</subfield><subfield code="c">KSH</subfield><subfield code="d">NPT</subfield><subfield code="d">OCL</subfield><subfield code="d">OCLCQ</subfield></datafield><datafield ind1=" " ind2=" " tag="042"><subfield code="a">msc</subfield></datafield><datafield ind1="0" ind2="4" tag="245"><subfield code="a">The Blue Valley gazette and country life weekly.</subfield></datafield><datafield ind1=" " ind2=" " tag="260"><subfield code="a">Stanley, Kan. :</subfield><subfield code="b">Blue Valley Pub. Co. :</subfield><subfield code="b">Norm Ledgin :</subfield><subfield code="b">Marsha Ledgin,</subfield><subfield code="c">1983-1984.</subfield></datafield><datafield ind1=" " ind2=" " tag="300"><subfield code="a">2 v. :</subfield><subfield code="b">ill. ;</subfield><subfield code="c">58 cm.</subfield></datafield><datafield ind1=" " ind2=" " tag="310"><subfield code="a">Weekly</subfield></datafield><datafield ind1="0" ind2=" " tag="362"><subfield code="a">Vol. 3, no. 27 (Aug. 4, 1983)-v. 4, no. 51 (Jan. 19, 1984).</subfield></datafield><datafield ind1=" " ind2=" " tag="752"><subfield code="a">United States</subfield><subfield code="b">Kansas</subfield><subfield code="c">Johnson</subfield><subfield code="d">Stanley.</subfield></datafield><datafield ind1="0" ind2="0" tag="780"><subfield code="t">Gazette (Stanley, Kan.)</subfield><subfield code="w">(DLC)sn 85029982</subfield></datafield><datafield ind1="0" ind2="0" tag="785"><subfield code="t">Blue Valley gazette (Stanley, Kan.)</subfield><subfield code="w">(DLC)sn 86064503</subfield></datafield></record>